@article{hartree1928, 
  title={The Wave Mechanics of an Atom with a Non-Coulomb Central Field. Part I. Theory and Methods}, 
  volume={24}, 
  DOI={10.1017/S0305004100011919}, 
  number={1}, 
  journal={Math. Proc. Cambridge Philos. Soc.},
  publisher={Cambridge University Press}, 
  author={Hartree, D. R.}, 
  year={1928}, 
  pages={89â€“110}
}

@article{fock1930,
  title={N{\"a}herungsmethode zur L{\"o}sung des quantenmechanischen Mehrk{\"o}rperproblems},
  author={Fock, Vladimir},
  journal={Zeitschrift f{\"u}r Physik},
  volume={61},
  number={1-2},
  pages={126--148},
  year={1930},
  publisher={Springer}
}

@article{andrews1991,
  title={Spin contamination in single-determinant wavefunctions},
  author={Andrews, Jamie S and Jayatilaka, Dylan and Bone, Richard GA and Handy, Nicholas C and Amos, Roger D},
  journal={Chemical physics letters},
  volume={183},
  number={5},
  pages={423--431},
  year={1991},
  publisher={Elsevier}
}